2996 4908
210 273 325 400 [14ζῖ
379 295 811 352 uuonusuaaummttttut
834 297 880 348 us
900 298 984 348 vat..
1008 297 1230 346 unmrrnuta.

235 451 270 511 E.
294 449 474 528 Lessingiua.
516 449 564 508 Cf.
588 461 698 510 eonmu'
712 451 794 528 Opp.
818 457 847 508 et
870 445 1321 527 collectionemspraa'cipuorum

235 547 483 626 Epigrammatum
498 546 599 610 Germ.
614 546 706 624 llige.
725 543 812 616 1766.
828 553 858 606 8.
887 613 891 622 ¹
980 615 985 624 ι

275 643 438 723 Hispanico
447 645 583 704 nonnulla
591 642 730 704 Martialis
738 629 956 722 Epigrammata
965 637 1324 718 iuterpretatualeatl'm·

202 772 205 783 ι
235 738 303 800 nuel
317 740 354 800 de
368 740 492 806 Selinos.
527 740 576 800 cf.
590 739 719 800 Lorentii
734 737 871 801 Graolaui
885 740 961 798 Arte.
968 737 1006 797 de
1020 735 1154 815 Ingenio.

242 869 246 882 ·
275 837 415 900 Graccum
429 835 499 900 iecit
518 836 685 900 Martialem
707 837 769 902 loa.
790 834 972 915 Scaliger-in
994 833 1150 912 Florilepio
1170 829 1328 898 Martialits

235 931 317 994 edito
331 933 370 993 ab
384 935 422 994 ls.
437 934 615 994 Casaubono
631 933 719 994 Paris.
737 929 824 999 1607.
845 952 906 1011 quo
923 931 1049 992 Libellus
1072 931 1111 991 de
1133 928 1328 1008 Spectaculis,

236 1029 303 1090 Lib.
323 1046 407 1091 xttt.
427 1040 458 1090 et
480 1045 554 1091 xlv,
575 1029 811 1108 serumiutegri,.
825 1037 912 1089 etex
932 1027 1041 1088 coteris
1064 1026 1223 1087 duodecim
1247 1025 1326 1084 libria

235 1125 483 1206 Epigrammatum
497 1127 567 1186 satis
582 1147 701 1205 magnus
714 1145 851 1188 uumerus
865 1123 1131 1203 comprehenditur.
1173 1123 1250 1194 Quae
1263 1123 1327 1203 qni·
1363 1161 1366 1168 ·

236 1221 305 1310 dem
326 1242 415 1304 opera
432 1215 558 1284 Martiali
579 1224 675 1284 locata
687 1243 705 1282 a
718 1222 876 1302 saligno,
890 1221 1025 1282 laudatur
1038 1220 1109 1282 etin
1124 1219 1231 1282 coelum
1242 1218 1328 1278 effer·

182 1386 184 1397 Ι
236 1327 316 1380 tura
333 1319 519 1396 Casaubono‚
534 1318 584 1382 aed
607 1321 708 1382 merito
721 1319 922 1400 perstringitur
935 1339 953 1382 a
966 1321 1119 1398 Monnoyo
1133 1319 1162 1378 in
1177 1317 1327 1396 Menapis-

235 1415 279 1474 nia
290 1413 328 1476 T.
340 1432 364 1476 t.
373 1437 407 1496 p.
422 1417 566 1478 aas-336.
575 1417 623 1476 ed.
635 1416 727 1478 Paris.
758 1417 870 1476 Inserta
881 1416 969 1482 etiam
980 1415 1164 1494 reperiuntur
1178 1414 1243 1476 nee
1255 1415 1328 1496 Epi·

236 1523 397 1599 grammata
412 1511 440 1572 iu
451 1513 560 1592 majore
574 1509 703 1574 editione
720 1513 847 1574 Parisiua
861 1513 1016 1584 Martialis,
1031 1532 1099 1574 cnm
1117 1512 1182 1572 aliis
1194 1511 1328 1590 q'nsdent

235 1603 542 1692 Epigrammatibusa
570 1609 674 1670 Frauc.
697 1611 823 1670 Morcllo
852 1609 1003 1670 translatis.
1046 1610 1160 1686 Nempe
1187 1609 1327 1672 araneum

231 1711 297 1788 jam
311 1718 380 1770 aute
394 1707 571 1786 scaligerum
583 1706 722 1784 quaedam
738 1707 878 1768 Martialis
892 1707 999 1768 Graece
1013 1715 1148 1778 verterat,
1171 1707 1330 1784 separatim

237 1807 276 1866 ab
290 1805 480 1884 ipsoduabus
494 1804 618 1884 plagulis
633 1799 713 1865 edita
734 1805 813 1864 circa
834 1824 883 1866 au.
897 1789 999 1868 1600.
1041 1805 1098 1864 snt
1123 1805 1196 1866 male
1221 1804 1328 1886 omisa·

236 1893 306 1986 sunt
318 1911 470 1961 auctorum
485 1899 601 1960 nomina
611 1900 639 1960 iu
660 1901 790 1962 editio'ue
809 1901 974 1964 Pariaiensi.
1015 1889 1162 1988 Pauciora'
1177 1901 1329 1982 Epigram-

238 2009 314 2061 mata
334 1995 432 2057 itidem
455 1997 484 2056 iu
508 2017 670 2058 sermonem
695 1999 836 2062 Graecum
858 1999 1067 2060 tmnstuleruut
1095 1999 1197 2066 Dousa
1225 2003 1332 2076 major,

238 2097 341 2156 Eman.
359 2093 517 2166 Martinus,
532 2095 700 2174 Menagius,
714 2095 771 2172 alii.

279 2189 423 2252 Hadriani
439 2189 608 2250 Beverlandi
633 2199 711 2252 notae
731 2190 852 2260 ineditae
872 2190 909 2250 ad
926 2191 1088 2254 Martialem
1111 2201 1141 2252 et
1161 2193 1329 2258 iuvenalem

239 2289 313 2348 Msa.
329 2299 526 2348 memorantur
548 2287 576 2346 in
601 2277 731 2352 Nouellis
745 2289 883 2366 Reipubl.
903 2288 1035 2352 literariae
1055 2309 1082 2350 a.
1107 2285 1192 2361 1699.
1206 2289 1245 2349 T.
1261 2307 1285 2352 t.
1299 2311 1334 2369 p.

238 2379 309 2444 468.
352 2384 459 2443 Nescio
483 2403 569 2462 qneru
595 2383 737 2444 Martialis
762 2385 950 2467 interpretem
973 2385 1048 2445 ridet
1063 2385 1198 2448 Bartlrius
1214 2389 1251 2446 ad
1265 2390 1330 2448 Sta·

239 2479 313 2539 tium
328 2479 367 2538 T.
384 2497 407 2540 1.
430 2500 461 2558 p.
482 2487 552 2551 473.
594 2466 818 2540 ΜιτοίΙίιιΜη
837 2481 1033 2544 scrivertunt
1056 2483 1105 2562 qui
1128 2483 1332 2562 Scaligeroiu

240 2576 379 2654 Epistolis
390 2577 498 2636 dicitur
513 2577 663 2647 Lentulus,
678 2562 750 2637 etin
766 2597 826 2656 quo
840 2562 910 2637 nttiit
926 2579 1029 2650 ornati,
1044 2579 1114 2638 nihil
1128 2580 1200 2639 culti
1212 2581 1330 2659 reperiri

240 2673 281 2732 ait
296 2673 466 2733 Holetenius
482 2673 575 2752 Epist.
600 2673 639 2732 ad
659 2673 900 2734 Elmenhorstium
922 2679 1001 2753 (post
1022 2675 1187 2750 Gudianus)
1209 2696 1243 2756 p.
1261 2685 1328 2750 920.

242 2769 372 2830 salmasii
383 2780 413 2830 et
428 2770 519 2830 lsaaci
534 2771 629 2830 Vossii
642 2771 820 2832 editionibus
834 2771 896 2833 iata
910 2773 1108 2834 intercessere.
