2986 4884
254 369 343 436 1146
610 383 717 435 uorar
742 386 942 438 uiurortuar
967 386 1006 435 ru

253 527 293 578 Ut
313 526 374 578 miri
392 531 480 578 mutuo
498 525 707 593 demeruisti.
723 527 740 580 l.
759 535 784 581 4.
822 529 930 582 tentiam
946 535 1106 596 muratum,
1120 535 1279 598 raptanaqne
1296 543 1352 596 gra·

253 603 355 669 Viginti
374 603 506 667 maenio,
525 604 566 654 rel
587 604 680 669 viginti
702 605 784 656 miliia
821 606 884 656 tiam
908 605 1039 668 divitum3
1063 608 1199 658 renunciat
1217 608 1305 672 itaque
1323 621 1351 658 aa

252 693 393 742 nummum,
413 685 473 728 aunt
501 678 637 744 quingenti
666 680 783 732 eoronati
820 696 923 732 aerrurn
934 691 963 734 et
973 683 1095 734 clientem
1110 683 1199 734 aarrill
1209 681 1314 734 domino
1324 689 1352 732 et

255 767 302 804 aen
312 752 461 802 dnoatouea.
820 763 941 822 patruum
962 773 1039 824 aopra
1049 759 1131 824 epigr.
1143 762 1182 809 lii.

284 828 602 895 adunationibus]
619 832 703 885 Quam
717 846 784 884 auor·
851 833 933 884 Euro.
946 847 1054 886 xxxrrr.
1082 833 1263 898 laPiiluruiru]
1286 834 1353 884 Loa-

252 917 319 954 uram
338 905 380 954 vel
400 905 461 956 ruibl
482 905 603 972 donaaae,
621 922 671 958 uon
692 906 784 960 fuiaart
820 921 877 960 uuor
896 910 1033 962 Philonim
1053 909 1147 962 irridet
1164 911 1213 960 boc
1228 909 1310 974 epigr.
1322 917 1353 960 ut

252 981 348 1032 bomini
360 990 413 1034 tarn
425 982 499 1034 dlritl
511 999 589 1050 grave
600 985 767 1050 impendium.
819 993 848 1037 et
858 987 940 1053 epigr.
956 992 998 1038 15.
1014 988 1032 1037 l.
1044 993 1068 1040 4.
1086 993 1115 1038 et
1125 986 1194 1053 quod
1211 985 1277 1037 nolit
1293 1001 1352 1036 oona

283 1063 300 1110 4
319 1059 393 1121 Gaiae
403 1060 542 1126 lenonie]
566 1061 648 1126 cujum
659 1075 720 1112 arua
731 1077 782 1114 ruo·
819 1063 929 1128 baaiare,
940 1071 993 1114 lree
1003 1077 1105 1116 eanum
1116 1061 1221 1124 raddit;
1239 1061 1297 1112 ride
1306 1063 1351 1117 lib.

252 1142 392 1188 tareaonat
400 1137 464 1188 laala
474 1139 595 1202 nummio,
606 1146 727 1205 tauquam
738 1139 783 1191 iia·
820 1143 860 1190 ld.
869 1141 953 1205 epigr.
968 1145 1011 1192 11.

251 1213 439 1279 gallirerbere.
472 1215 614 1280 Flegellare
630 1215 735 1266 diuitiae
746 1216 784 1267 di·
853 1217 1076 1282 icuruoebuaiu,
1091 1216 1145 1282 tm]
1173 1218 1260 1282 Caput
1281 1216 1350 1268 enirn

135 1301 139 1316 ·
251 1295 348 1340 cuntur
364 1289 463 1355 (iuquit
478 1289 616 1340 Turneboe
627 1291 696 1342 111.
712 1307 735 1344 o.
746 1290 784 1358 4.)
820 1299 892 1344 tnnrn
911 1295 1034 1360 (mirum,
1050 1293 1148 1358 rufum,
1168 1292 1282 1354 luaonm)
1296 1307 1350 1357 pr·

251 1365 297 1430 qui
313 1379 419 1429 maguae
430 1365 498 1414 arcia
514 1365 613 1416 olauaae
630 1381 693 1430 opea
712 1367 782 1418 velot
819 1383 848 1418 ae
858 1367 910 1420 lert
922 1370 1055 1434 Priapum,
1064 1371 1082 1420 l.
1093 1375 1118 1420 ll.
1130 1383 1172 1434 ep.
1181 1373 1223 1420 td.
1248 1369 1304 1419 ‘Et
1315 1368 1350 1419 eit

250 1439 782 1506 verberibuseronceribmeoireenrme.
820 1445 891 1496 loaua
902 1445 983 1508 lieet,’
995 1449 1046 1498 dre.

250 1517 716 1582 ⁸lnt'elixatrangulatareadiritiau’
733 1521 783 1572 Pa·
851 1523 932 1574 lirin.
953 1536 1051 1574 mur.
1070 1521 1159 1574 aliea
1176 1520 1278 1588 poteria,
1296 1519 1351 1586 im]

250 1595 413 1660 pin-mpla.
430 1594 636 1660 Veerllruri
645 1597 740 1662 premit
751 1613 782 1650 au
818 1599 921 1650 Gallam
937 1599 1095 1649 luxurioaam
1107 1612 1183 1648 aunan
1195 1598 1351 1662 inueniatur,

250 1671 385 1736 continu
400 1671 783 1738 quomododogellmrumm
818 1690 877 1740 quae
895 1684 951 1726 tota
961 1691 1008 1726 rua
1018 1675 1080 1726 dote
1096 1674 1244 1726 redemerat
1261 1673 1349 1724 Phile·

250 1747 436 1800 Jnriaeouaulti
452 1748 553 1800 dieunt.
594 1750 630 1800 Et
648 1751 783 1814 elegenter
818 1759 1023 1814 rotemeerurrnr,
1037 1758 1134 1801 etcum
1145 1751 1351 1802 eoeonauetndi·

189 1824 192 1832 '
249 1823 400 1889 Plutapud
414 1823 557 1876 beniamin
574 1825 681 1874 Timone
698 1827 781 1892 queri-
817 1826 1009 1890 nembabebat,
1029 1825 1230 1892 patiebaturque
1242 1837 1296 1876 area
1306 1841 1349 1878 ua-

250 1907 295 1950 tur
305 1915 334 1951 ae
344 1901 379 1952 eb
390 1902 474 1952 araria
485 1900 653 1965 ironiprudur
664 1903 690 1952 la
698 1904 783 1966 rom?
818 1909 856 1952 tor
865 1918 924 1953 auor
935 1918 968 1954 ex
977 1901 1101 1954 defuneto
1109 1904 1204 1954 marito
1214 1901 1284 1953 lame
1291 1919 1349 1968 per-

251 1977 337 2042 ruirp.
354 1979 456 2030 Heruli.
468 1977 534 2042 ¹uide
545 1979 629 2043 epigr.
641 1979 707 2030 11.1.
718 1985 742 2030 1.
753 1986 782 2032 et
817 1979 864 2030 ire.
882 1979 1002 2031 ilonirea.
1033 1979 1148 2044 Propter
1159 1993 1272 2030 amorem
1287 1981 1347 2030 Pii·

250 2055 334 2120 epigr.
342 2059 385 2106 411.
395 2056 413 2106 l.
424 2059 449 2106 1.
817 2056 917 2120 lernlia,
926 2072 1002 2122 quern
1011 2071 1025 2106 e
1035 2057 1143 2108 aeruitio
1155 2056 1298 2122 redemisti,
1307 2058 1348 2108 rel

282 2136 298 2180 5
315 2131 342 2182 ia
352 2130 421 2195 ulit,
432 2130 484 2194 iu]
502 2130 579 2196 Cajua
596 2132 709 2182 conaulit
719 2133 782 2184 milri
817 2145 893 2198 qrrem
904 2131 1061 2196 conduxiati,
1069 2139 1127 2184 tota
1135 2131 1197 2182 dote
1209 2133 1257 2184 tibi
1268 2149 1284 2184 a
1294 2149 1347 2184 nra·

249 2205 320 2272 qnod
335 2207 397 2258 uliur
411 2207 494 2258 llam
506 2221 548 2271 ep.
560 2212 601 2260 18.
619 2209 637 2260 1.
650 2213 674 2259 1.
685 2207 743 2258 ride
753 2216 781 2260 et
816 2209 868 2260 rito
880 2207 1006 2258 defuncto
1018 2208 1120 2260 relicta.

250 2283 332 2348 epigr·
342 2288 384 2334 11.
394 2285 412 2334 l.
424 2287 448 2334 1.
849 2287 864 2332 1
883 2284 1028 2345 Proedoiur,
1037 2286 1092 2350 im]
1113 2285 1178 2336 Tum
1190 2291 1293 2336 atrenue
1308 2286 1347 2336 in·

281 2363 298 2410 d
316 2360 385 2416 Quod
400 2360 569 2426 pendulo]
593 2362 781 2414 Nummorum·
816 2357 906 2424 dulger
917 2359 1016 2412 libidini
1033 2360 1163 2412 luxuriem
1180 2375 1252 2426 anua,
1270 2377 1345 2428 quam

250 2439 319 2500 tuor,
329 2450 381 2486 nou
391 2437 534 2489 coneilioro.
817 2435 858 2486 vol
869 2437 953 2488 noitua
966 2437 1072 2502 legitimi
1081 2436 1129 2488 bau
1138 2443 1217 2490 rotate
1228 2437 1347 2504 puderet,

280 2511 462 2564 lirinum.
492 2519 504 2564 1
527 2513 591 2579 Du]
616 2515 718 2568 ‘Dare’
735 2517 779 2566 ob·
816 2513 897 2563 multo
909 2513 989 2580 mugla
1004 2513 1122 2566 adulteri.

247 2601 361 2640 mooun
378 2589 420 2640 bic
438 2589 543 2642 verbum
560 2599 615 2656 αις
639 2593 780 2658 reapoudet
848 2595 863 2638 d
881 2589 1033 2655 Perpetuam,
1049 2589 1103 2654 tro]
1120 2590 1243 2654 thuanr
1255 2587 1346 2640 diutia·

247 2662 328 2728 po'e'ta
345 2679 379 2715 ex
397 2665 526 2730 ambiguo.
559 2668 713 2720 eirlruouu
733 2684 779 2720 reu
816 2665 962 2716 eimorlraa
973 2667 1067 2716 mirere
1081 2665 1348 2732 rnmi’bllerotetun,

248 2739 422 2806 (limodiam,
440 2742 479 2794 ita
497 2744 564 2795 irene
581 2745 655 2810 dare,
671 2753 702 2798 ut
717 2747 779 2798 nihil
816 2755 891 2806 qoam
903 2750 933 2792 ot
944 2741 1092 2802 redimrm,
1102 2748 1129 2790 te
1141 2755 1198 2790 oum
1208 2741 1290 2792 tribou
1300 2756 1345 2792 na·

248 2817 355 2868 melina:
381 2832 471 2870 verum
481 2819 658 2884 aliudrolnitp
679 2836 779 2888 nempe,
816 2819 850 2867 tle
867 2817 900 2868 ud
917 2827 1060 2870 extremam
1080 2815 1193 2882 inopiam
1212 2818 1345 2872 etsaroenr

247 2889 362 2942 itamale
379 2907 435 2944 eam
453 2893 526 2957 dare,
542 2901 572 2946 nt
582 2911 669 2961 rupra,
685 2897 712 2948 id
727 2905 778 2964 eat,
815 2893 949 2958 redegisti.

247 2965 317 3016 ultra
337 2969 378 3018 rel
390 2969 484 3020 lterum
503 2983 559 3020 eam
581 2983 634 3022 oon
650 2973 777 3024 anatineaa
845 2973 862 3020 d
881 2971 968 3020 l'oatio
983 2967 1097 3034 deterior]
1121 2969 1193 3020 'llla
1214 2969 1278 3022 duoa
1295 2987 1346 3024 nna

249 3039 348 3094 iecere.
814 3045 953 3096 auriaeinua
963 3045 1062 3110 Vipera
1079 3045 1170 3110 oranass
1181 3048 1231 3096 dre.
1247 3045 1344 3099 iuven.

279 3121 296 3168 1
315 3119 435 3184 lieriaii,
444 3121 498 3188 ire]
523 3121 532 3150 ⁴
544 3121 653 3174 Fauere'
670 3122 731 3174 ilem
749 3130 778 3174 et
813 3126 839 3173 a.
850 3125 909 3174 dit.
933 3121 971 3172 'l'u
983 3137 1044 3174 vero
1056 3129 1109 3172 tren
1120 3129 1196 3174 natos
1206 3121 1274 3176 iane
1285 3139 1345 3176 ene·

246 3191 341 3245 ‘fieri’
359 3195 490 3262 turpicula
510 3197 589 3250 rerba
598 3207 676 3261 auut;
692 3199 776 3266 epigr.
814 3198 890 3250 nauti.

246 3271 289 3321 41.
301 3271 319 3322 Ι.
331 3276 354 3322 1.
830 3273 930 3325 diurn.
943 3287 1034 3326 mr.
1052 3277 1065 3324 1
1077 3275 1136 3324 Gan
1146 3273 1194 3324 rint
1203 3277 1343 3344 crambe]

279 3345 359 3400 Earn.
370 3361 462 3400 xxxrr.
478 3347 509 3400 ia
527 3350 666 3416 Ponticum]
685 3351 777 3404 Ponti·
812 3351 877 3402 Cum
889 3351 937 3402 tibi
949 3351 1025 3415 uulgo
1042 3349 1200 3402 diducuntur
1219 3353 1344 3420 poplitea',

247 3437 307 3476 uum
326 3423 506 3492 eauaaidicum,
530 3427 575 3491 qni
595 3426 629 3478 ab
651 3427 708 3478 aliia
725 3427 777 3482 coli
811 3427 906 3479 coeant
918 3427 964 3478 tall
984 3442 1029 3478 reu
1041 3428 1154 3492 plantam
1171 3431 1269 3494 optime
1281 3444 1342 3480 eon·

246 3497 362 3565 roleber,
383 3501 469 3566 carpit
488 3501 594 3566 urbane,
621 3505 690 3570 quod
709 3505 776 3557 liber
813 3505 901 3554 reuiat
911 3503 959 3554 tibi
970 3501 1003 3552 ad
1015 3502 1137 3554 iurandm
1149 3504 1228 3568 pedor
1239 3503 1342 3570 rhytunr

246 3589 299 3626 nou
310 3585 388 3642 eaaet,
396 3577 442 3629 aed
451 3579 539 3630 multia
549 3579 685 3632 ambitione
695 3583 775 3632 eervi-
811 3594 856 3630 reo
868 3579 1065 3646 rbytiuur,qnod
1076 3594 1121 3630 raa
1135 3587 1175 3632 eat
1186 3579 1219 3632 ab
1232 3589 1342 3648 augurato

246 3649 429 3718 retinuitque
441 3656 521 3706 mrtltu
529 3657 674 3720 negotium
683 3655 774 3722 quibua
811 3655 892 3707 t‘undo
905 3657 1021 3708 inlatum
1033 3669 1140 3722 unigena
1155 3657 1238 3708 inatar
1251 3673 1342 3722 corun,

245 3739 350 3794 operum
359 3742 431 3779 anam
441 3731 576 3783 reenaabat
585 3733 719 3786 Pontium.
811 3731 844 3782 de
862 3747 912 3800 quo
922 3731 1064 3783 urionem
1073 3731 1091 3783 1.
1104 3737 1143 3783 iu.
1151 3748 1174 3786 o.
1184 3737 1222 3784 11.
1233 3741 1261 3784 et
1272 3735 1290 3785 l.
1300 3739 1342 3785 ll.

281 3807 294 3854 1
312 3803 359 3854 Lia
368 3805 496 3872 nihilo]
512 3811 520 3837 ⁴
532 3808 619 3872 Perii,'
637 3809 720 3876 inquit
730 3811 774 3862 illa
810 3825 835 3862 c.
847 3815 871 3862 1.
882 3817 907 3862 d.
918 3817 945 3861 et
960 3815 1000 3862 ad.
1012 3809 1079 3860 ludit
1090 3819 1177 3862 eutem
1189 3811 1214 3860 in
1226 3811 1340 3877 puribua,

247 3879 318 3948 apud
329 3881 473 3946 ornicum,
493 3882 571 3934 ‘huie
591 3883 640 3949 ipai
652 3900 717 3951 npua
729 3902 775 3952 pa·
810 3888 818 3916 ¹
830 3885 923 3938 cornu'
934 3893 961 3938 et
971 3888 979 3916 ‘
989 3885 1082 3952 rbyto,'
1092 3887 1198 3938 ‘Luna'
1210 3895 1237 3938 et
1248 3890 1255 3917 ¹
1265 3887 1342 3938 Pboe·

247 3965 322 4010 buno
343 3966 385 4010 eat
407 3973 483 4026 quem
503 3957 663 4010 defeuaorem
693 3961 775 4026 paro!
811 3962 864 4014 bn!

245 4031 342 4084 Actum
353 4049 441 4084 aerum
458 4049 516 4086 eeae
535 4036 663 4086 exclamat
681 4037 776 4106 Poita,
845 4038 925 4090 lium.
937 4051 1041 4092 xxxvl.
1060 4037 1256 4105 imneredo]
1280 4039 1341 4089 Car·

244 4107 774 4176 aiquidemjnataaiutendentlliteaadeaae
811 4113 851 4178 pit
872 4113 1015 4165 Pauniouru
1030 4113 1167 4180 quendam,
1188 4121 1218 4165 ut
1236 4114 1339 4166 mollem

247 4185 315 4236 nolit
334 4187 423 4254 (quent
439 4203 487 4254 pro
510 4193 620 4254 patrono
643 4191 775 4256 uoluerat)
811 4189 903 4252 virum,
914 4191 957 4256 qul
969 4189 1075 4240 nimium
1085 4189 1124 4239 rlr
1132 4189 1213 4241 rideri
1224 4189 1347 4264 volebat,¹

246 4259 381 4328 Pooucm,
400 4278 451 4316 non
471 4281 547 4318 ariana
563 4267 602 4320 lre
620 4275 711 4320 eontra
728 4285 774 4335 po·
811 4265 1042 4332 turbatircapillia‚
1058 4263 1161 4317 borrida
1182 4265 1272 4326 barba,
1283 4274 1337 4322 eur·
